<record><leader>00000cas a2200000 a 4500</leader><controlfield tag="001">32003884</controlfield><controlfield tag="008">950216d19uu1964nyuwr ne      0    0eng c</controlfield><datafield ind1=" " ind2=" " tag="010"><subfield code="a">sn 95071111 </subfield></datafield><datafield ind1=" " ind2=" " tag="040"><subfield code="a">NYS</subfield><subfield code="b">eng</subfield><subfield code="c">NYS</subfield><subfield code="d">OCLCQ</subfield><subfield code="d">OCLCF</subfield><subfield code="d">OCLCO</subfield></datafield><datafield ind1=" " ind2=" " tag="042"><subfield code="a">pcc</subfield></datafield><datafield ind1=" " ind2=" " tag="043"><subfield code="a">n-us-ny</subfield></datafield><datafield ind1="0" ind2=" " tag="130"><subfield code="a">Long Island graphic (Freeport, N.Y.)</subfield></datafield><datafield ind1="1" ind2="0" tag="245"><subfield code="a">Long Island graphic.</subfield></datafield><datafield ind1="1" ind2="7" tag="246"><subfield code="a">Long Island graphic, Nassau edition</subfield></datafield><datafield ind1=" " ind2=" " tag="250"><subfield code="a">Nassau ed.</subfield></datafield><datafield ind1=" " ind2=" " tag="260"><subfield code="a">Freeport, N.Y. :</subfield><subfield code="b">Long Island Graphics,</subfield><subfield code="c">-1964.</subfield></datafield><datafield ind1=" " ind2=" " tag="300"><subfield code="a">v.</subfield></datafield><datafield ind1=" " ind2=" " tag="310"><subfield code="a">Weekly</subfield></datafield><datafield ind1="0" ind2=" " tag="362"><subfield code="a">-v. 7, no. 27 (July 2, 1964).</subfield></datafield><datafield ind1=" " ind2=" " tag="588"><subfield code="a">Description based on: Vol. 4, no. 1 (Jan. 7, 1961).</subfield></datafield><datafield ind1=" " ind2="0" tag="651"><subfield code="a">Freeport (N.Y.)</subfield><subfield code="v">Newspapers.</subfield></datafield><datafield ind1=" " ind2="0" tag="651"><subfield code="a">Nassau County (N.Y.)</subfield><subfield code="v">Newspapers.</subfield></datafield><datafield ind1=" " ind2="7" tag="655"><subfield code="a">Newspapers.</subfield><subfield code="2">fast</subfield><subfield code="0">(OCoLC)fst01423814</subfield></datafield><datafield ind1=" " ind2="7" tag="651"><subfield code="a">New York (State)</subfield><subfield code="z">Freeport.</subfield><subfield code="2">fast</subfield><subfield code="0">(OCoLC)fst01223669</subfield></datafield><datafield ind1=" " ind2="7" tag="651"><subfield code="a">New York (State)</subfield><subfield code="z">Nassau County.</subfield><subfield code="2">fast</subfield><subfield code="0">(OCoLC)fst01205518</subfield></datafield><datafield ind1="0" ind2="7" tag="785"><subfield code="t">Roosevelt press</subfield><subfield code="w">(DLC)sn 96083505</subfield><subfield code="w">(OCoLC)33891434</subfield></datafield><datafield ind1="0" ind2="7" tag="785"><subfield code="t">Long Island graphic and Roosevelt press</subfield><subfield code="w">(DLC)sn 95071112</subfield><subfield code="w">(OCoLC)32003998</subfield></datafield></record>